@article{fully_char_nmt,
  author    = {Jason Lee and
               Kyunghyun Cho and
               Thomas Hofmann},
  title     = {Fully Character-Level Neural Machine Translation without Explicit
               Segmentation},
  journal   = {TACL},
  year      = {2017},
}

@article{rapid_adapt_nmt,
  author    = {Graham Neubig and
               Junjie Hu},
  title     = {Rapid Adaptation of Neural Machine Translation to New Languages},
  journal   = {EMNLP},
  year      = {2018}
}

@article{ted_pretrain_emb,
  author    = {Ye Qi and
               Devendra Singh Sachan and
               Matthieu Felix and
               Sarguna Padmanabhan and
               Graham Neubig},
  title     = {When and Why Are Pre-Trained Word Embeddings Useful for Neural Machine
               Translation?},
  journal   = {NAACL},
  year      = {2018},
}

@article{multi_nmt_shared_attn,
  author    = {Orhan Firat and
               Kyunghyun Cho and
               Yoshua Bengio},
  title     = {Multi-Way, Multilingual Neural Machine Translation with a Shared Attention
               Mechanism},
  journal = {NAACL},
  year      = {2016},

}

@inproceedings{universal_nmt,
  author    = {Jiatao Gu and
               Hany Hassan and
               Jacob Devlin and
               Victor O. K. Li},
  title     = {Universal Neural Machine Translation for Extremely Low Resource Languages},
  journal   = {NAACL},
  year      = {2018},
}

@article{google_multi_nmt,
  author    = {Melvin Johnson and Mike Schuster and Quoc V. Le and Maxim Krikun and Yonghui Wu and
Zhifeng Chen and Nikhil Thorat and Fernanda Viégas and Martin Wattenberg and Greg Corrado and
Macduff Hughes and Jeffrey Dean},
  title     = {Google’s multilingual neural
machine translation system: Enabling zero-shot
translation},
  journal   = {TACL},
  year      = {2016},
}

@inproceedings{multi_nmt_bpe_share,
  author    = {Toan Q. Nguyen and
               David Chiang},
  title     = {Transfer Learning across Low-Resource, Related Languages for Neural
               Machine Translation},
  booktitle = {NAACL},
  year      = {2018},
}

@article{multi_nmt_adapt,
  author    = {Barret Zoph and Deniz Yuret and Jonathan May and Kevin Knight.},
  title     = {Transfer Learning for Low Resource Neural
               Machine Translation},
  journal   = {EMNLP},
  year      = {2016},
}

@article{multi_nmt_share_enc,
  author    = {Thanh{-}Le Ha and
               Jan Niehues and
               Alexander H. Waibel},
  title     = {Toward Multilingual Neural Machine Translation with Universal Encoder
               and Decoder},
  journal   = {CoRR},
  year      = {2016},
}

@article{auto_augment,
  title   = {AutoAugment: Learning Augmentation Policies from Data},
  author  = {Cubuk, Ekin D. and
             Zoph, Barret and
             Mane, Dandelion and
             Vasudevan, Vijay and
             Le, Quoc V.},
  journal = {Arxiv, 1805.09501},
  year    = {2018},
}

@inproceedings{inception_deeper,
  author    = {Szegedy, Christian and
               Liu, Wei and
               Jia, Yangqing  and
               Sermanet, Pierre and
               Reed, Scott and
               Anguelov, Dragomir and
               Erhan, Dumitru and
               Vanhoucke, Vincent and
               Rabinovich, Andrew},
  title     = {Going Deeper with Convolutions},
  booktitle = {CVPR},
  year      = {2014}
}

@inproceedings{alex_net,
  author    = {Krizhevsky, Alex and
               Sutskever, Ilya and
               Hinton, Geoffrey E.},
  title     = {ImageNet Classification with Deep Convolutional Neural Networks},
  booktitle = {NIPS},
  year      = {2012}
}

@inproceedings{da_low_resource_nmt,
  author    = {Marzieh Fadaee and
               Arianna Bisazza and
               Christof Monz},
  title     = {Data Augmentation for Low-Resource Neural Machine Translation},
  booktitle = {ACL},
  year      = {2017}
}

@inproceedings{back_translate_nmt,
  author    = {Rico Sennrich and
               Barry Haddow and
               Alexandra Birch},
  title     = {Improving Neural Machine Translation Models with Monolingual Data},
  booktitle = {ACL},
  year      = {2016},
}

@inproceedings{deep_speech_2,
  author    = {Amodei, Dario and
               Ananthanarayanan, Sundaram and
               Anubhai, Rishita and
               more authors},
  title     = {Deep speech 2: End-to-end speech recognition in english and mandarin},
  booktitle = {ICML},
  year      = {2016},
}

@inproceedings{pervasive_dropout,
  author    = {Sennrich, Rico and
               Haddow, Barry and
               Birch, Alexandra},
  title     = {Edinburgh Neural Machine Translation Systems for WMT 16},
  booktitle = {WMT},
  year      = {2016},
}


@inproceedings{vaml_erac,
  title   = {From Credit Assignment to Entropy Regularization: Two New Algorithms for Neural Sequence Prediction},
  author  = {Dai, Zihang and
             Xie, Qizhe and
             Hovy, Eduard
  },
  booktitle = {ACL},
  year      = {2018},
}

@inproceedings{significance_test,
  title   = {Better Hypothesis Testing for Statistical Machine Translation: Controlling for Optimizer Instability},
  author  = {Clark, Jonathan and
             Dyer, Chris and
             Lavie, Alon and
             Smith, Noah
  },
  booktitle = {ACL},
  year      = {2011},
}

@inproceedings{iwslt14,
  title   = {Wit3: Web Inventory of Transcribed and Translated Talks},
  author  = {Mauro, Cettolo and 
  			 Christian, Girardi and 
             Marcello, Federico 
  },
  booktitle = {EAMT},
  year      = {2012},
}

@inproceedings{deep_irl,
  title   = {Maximum
Entropy Deep Inverse Reinforcement Learning},
  author  = {Wulfmeier, Markus and 
  			 Ondruska, Peter and 
             Posner, Ingmar 
  },
  booktitle = {NIPS},
  year      = {2015},
}

@article{gnmt,
  title   = {Google's Neural Machine Translation System: Bridging the Gap between Human and Machine Translation},
  author  = {Wu, Yonghui and
             Schuster, Mike and
             Chen, Zhifeng and
             Le, Quoc V. and
             Norouzi, Mohammad and
             Macherey, Wolfgang and
             Krikun, Maxim and
             Cao, Yuan and
             Gao, Qin and
             Macherey, Klaus and
             Klingner, Jeff and
             Shah, Apurva and
             Johnson, Melvin and
             Liu, Xiaobing and
             Kaiser, Lukasz and
             Gouws, Stephan and
             Kato, Yoshikiyo and
             Kudo, Taku and
             Kazawa, Hideto and
             Stevens, Keith and
             Kurian, George and
             Patil, Nishant and
             Wang, Wei and
             Young, Cliff and
             Smith, Jason and
             Riesa, Jason and
             Rudnick, Alex and
             Vinyals, Oriol and
             Corrado, Greg and
             Hughes, Macduff and
             Dean, Jeffrey},
  journal = {Arxiv, 1609.08144},
  year    = {2016},
}

@inproceedings{na_nmt,
  title   = {Non-Autoregressive Neural Machine Translation},
  author  = {Gu, Jiatao and 
  			 Bradbury, James and 
             Xiong, Caiming and 
             Li, Victor O.K. and
             Socher, Richard
  },
  booktitle = {ICLR},
  year      = {2018},
}

@inproceedings{iwslt2016_eval,
  title   = {The IWSLT 2016 Evaluation Campaign},
  author  = {Cettolo, M. and
             Niehues, J. and
             Stuker, S. and
             Bentivogli, L. and
             Cattoni, R. and
             Federico, M.
  },
  booktitle = {IWSLT},
  year      = {2016},
}

@inproceedings{dad2_nmt,
  title   = {Improving multi-step prediction of learned time series models},
  author  = {Venkatraman, Arun and
             Hebert, Martial and
             Bagnell, Andrew J.
  },
  booktitle = {AAAI},
  year      = {2015},
}

@inproceedings{seq2seq_beamsearch,
  title   = {Sequence-to-Sequence Learning as Beam-Search Optimization},
  author  = {Wiseman, Sam and
             Rush, Alexander M.},
  booktitle = {EMNLP},
  year      = {2016},
}

@inproceedings{transformer,
  title   = {Attention is All You Need},
  author  = {Vaswani, Ashish and
             Shazeer, Noam and
             Parmar, Niki and
             Uszkoreit, Jakob and
             Jones, Llion and
             Gomez, Aidan N. and
             Kaiser, Lukasz and
             Polosukhin, Illia},
  booktitle = {NIPS},
  year      = {2017},
}

@inproceedings{raml,
  author    = {Norouzi, Mohammad and
               Bengio, Samy and
               Chen, Zhifeng and
               Jaitly, Navdeep and
               Schuster, Mike and
               Wu, Yonghui and
               Schuurmans, Dale},
  title     = {Reward Augmented Maximum Likelihood for Neural Structured
    Prediction},
  booktitle = {NIPS},
  year      = {2016}
}

@inproceedings{bpe,
  author    = {Sennrich, Rico and
               Haddow, Barry and
               Birch, Alexandra},
  title     = {Neural Machine Translation of Rare Words with Subword Units},
  booktitle = {ACL},
  year      = {2016}
}

@article{softmax_q_dist,
  author    = {Ma, Xuezhe and
               Yin, Pengcheng and
               Liu, Jingzhou and
               Neubig, Graham and
               Hovy, Eduard},
  title     = {Softmax Q-Distribution Estimation for Structured Prediction: A Theoretical Interpretation for RAML},
  journal   = {Arxiv, 1705.07136},
  year      = {2017}
}

@inproceedings{actor_critic_nmt,
  author    = {Bahdanau, Dzmitry and
               Brakel, Philemon and
               Xu, Kelvin and
               Goyal, Anirudh and
               Lowe, Ryan and
               Pineau, Joelle and
               Courville, Aaron and
               Bengio, Yoshua},
  title     = {An Actor-Critic Algorithm for Sequence Prediction},
  booktitle = {ICLR},
  year      = {2017}
}

@inproceedings{mixer_nmt,
  author    = {Ranzato, Marc’Aurelio and
               Chopra, Sumit and
               Auli, Michael and
               Zaremba, Wojciech},
  title     = {Sequence Level Training with Recurrent Neural Networks},
  booktitle = {ICLR},
  year      = {2016}
}

@inproceedings{dad_nmt,
  author    = {Bengio, Samy and
               Vinyals, Oriol and
               Jaitly, Navdeep and
               Shazeer, Noam},
  title     = {Scheduled Sampling for Sequence Prediction with Recurrent Neural
    Networks},
  booktitle = {NIPS},
  year      = {2015}
}

@inproceedings{bandit_nmt,
  author    = {Nguyen, Khanh and
               Daum{\'e} III, Hal and
               Boyd-Graber, Jordan},
  title     = {Reinforcement Learning for Bandit Neural Machine Translation
    with Simulated Human Feedback},
  booktitle = {EMNLP},
  year      = {2017}
}

@phdthesis{martingale_technique,
  author    = {Bottou, L{\'e}on},
  title     = {Une Approche théorique de l’Apprentissage Connexioniste:
    Applications à la reconnaissance de la Parole.},
  year      = {1991}
}

@inproceedings{batch_norm,
  author    = {Ioffe, Sergey and
               Szegedy, Christian},
  title     = {Batch Normalization: Accelerating Deep Network Training by
    Reducing Internal Covariate Shift},
  booktitle = {ICML},
  year      = {2015}
}

@inproceedings{lstm_weight_tying,
  author    = {Inan, Hakan and
               Khosravi, Khashayar and
               Socher, Richard},
  title     = {Tying Word Vectors and Word Classifiers: a Loss Framework for
    Language Modeling},
  booktitle = {ICLR},
  year      = {2017}
}

@inproceedings{rnn_evol,
  author    = {J{\'{o}}zefowicz, Rafal and
               Zaremba, Wojciech and
               Sutskever, Ilya},
  title     = {An Empirical Exploration of Recurrent Network Architectures},
  booktitle = {ICML},
  year      = {2015}
}

@article{ptb_hparams,
  author    = {Melis, G{\'a}bor and
               Dyer, Chris and
               Blunsom, Phil},
  title     = {On the State of the Art of Evaluation in Neural Language
    Models},
  journal   = {Arxiv, 1707.05589},
  year      = {2017},
}

@article{ptb_dynamic_eval,
  author    = {Krause, Ben and
               Kahembwe, Emmanuel and
               Murray, Iain and
               Renals, Steve},
  title     = {Dynamic Evaluation of Neural Sequence Models},
  journal   = {Arxiv, 1709.07432},
  year      = {2017},
}

@article{awd_lstm,
  author    = {Merity, Stephen and
               Keskar, Nitish Shirish and
               Socher, Richard},
  title     = {Regularizing and Optimizing {LSTM} Language Models},
  journal   = {Arxiv, 1708.02182},
  year      = {2017},
}

@article{rnn_regularization,
  author    = {Zaremba, Wojciech and
               Sutskever, Ilya and
               Vinyals, Oriol},
  title     = {Recurrent Neural Network Regularization},
  journal   = {Arxiv, 1409.2329},
  year      = {2014},
}

@inproceedings{resnext,
  title     = {Aggregated Residual Transformations for Deep Neural Networks},
  author    = {Xie, Saining and Girshick, Ross and Doll{\'a}r, Piotr and Tu, Zhuowen and He, Kaiming},
  booktitle = {CVPR},
  year      = {2017},
}

@inproceedings{adam,
  title     = {Adam: A Method for Stochastic Optimization},
  author    = {Kingma, Diederik P. and Ba, Jimmy Lei},
  booktitle = {ICLR},
  year      = {2015},
}

@inproceedings{he_init,
  title     = {Delving Deep into Rectifiers: Surpassing Human-Level Performance on ImageNet Classification},
  author    = {He, Kaiming and Zhang, Xiangyu and Rein, Shaoqing and Sun, Jian},
  booktitle = {CVPR},
  year      = {2015},
}

@inproceedings{cosine_lr,
  title     = {SGDR: Stochastic Gradient Descent with Warm Restarts},
  author    = {Loshchilov, Ilya and Hutter, Frank},
  booktitle = {ICLR},
  year      = {2017},
}

@techreport{cifar10,
  title   = {Learning Multiple Layers of Features from Tiny Images},
  author  = {Krizhevsky, Alex},
  year    = {2009},
}

@inproceedings{highway_and_res_net,
  title     = {Highway and Residual NetworkS Learn Unrolled Iterative Estimation},
  author    = {Greff, Klaus and Srivastava, Rupesh K. and Schmidhuber, J{\"u}rgen},
  booktitle = {ICLR},
  year      = {2017},
}

@article{multibranch_net,
  title   = {Connectivity Learning in Multi-branch Networks},
  author  = {Ahmed, Karim and Torresani, Lorenzo},
  journal = {Arxiv, 1709.09582},
  year    = {2017},
}


@inproceedings{rhn,
  author    = {Zilly, Julian Georg and
               Srivastava, Rupesh Kumar and
               Koutn{\'\i}k, Jan and
               Schmidhuber, J{\"u}rgen},
  title     = {Recurrent Highway Networks},
  booktitle = {ICML},
  year      = {2017},
}

@article{network_in_network,
  author    = {Lin,Min and Chen, Qiang and Yan, Shuicheng},
  title     = {Network In Network},
  journal   = {Arxiv, 1312.4400},
  year      = {2013},
}

@inproceedings{inception,
  author    = {Szegedy, Christian and
               Vanhoucke, Vincent and
               Ioffe, Sergey and
               Shlens, Jon and
               Wojna, Zbigniew},
  title     = {Rethinking the Inception Architecture for Computer Vision},
  booktitle = {CPVR},
  year      = {2016}
}


@article{nesterov,
  author  = {Nesterov, Yurii E.},
  title   = {A Method for Solving the Convex Programming Problem with
    Convergence Rate $O(1/k^2)$.},
  journal = {Soviet Mathematics Doklady},
  year    = {1983},
}


@inproceedings{shake_shake,
  author    = {Gastaldi, Xavier},
  title     = {Shake-shake regularization of 3-branch residual networks},
  booktitle = {ICLR Workshop Track},
  year      = {2016},
}

@article{cut_out,
  author    = {DeVries, Terrance and
               Taylor, Graham W.},
  title     = {Improved Regularization of Convolutional Neural Networks with
    Cutout},
  journal   = {Arxiv, 1708.04552},
  year      = {2017}
}


@article{nas_by_transformation,
  author    = {{Cai}, Han and
               {Chen}, Tianyao and
               {Zhang}, Weinan and
               {Yu}, Yong. and
               {Wang}, Jun},
  title     = {Reinforcement Learning for Architecture Search by Network
    Transformation},
  journal   = {Arxiv, 1707.04873},
  year      = {2017},
}

@inproceedings{dense_net,
  author    = {Huang, Gao and
               Liu, Zhuang and
               van der Maaten, Laurens and
               Weinberger, Kilian Q.},
  title     = {Densely connected convolutional networks},
  booktitle = {CVPR},
  year      = {2016},
}

@article{ppo,
  author    = {Schulman, John and
               Wolski, Filip and
               Dhariwal, Prafulla and
               Radford, Alec and
               Klimov, Oleg},
  title     = {Proximal Policy Optimization Algorithms},
  journal   = {Arxiv, 1707.06347},
  year      = {2017},
}

@article{investigate_back_translation,
  author    = {Poncelas, Alberto and
               Shterionov, Dimitar and
               Way, Andy and
               de Buy Wenniger, Gideon Maillette and
               Passban, Peyman},
  title     = {Investigating Backtranslation in Neural Machine Translation},
  journal   = {Arxiv, 1804.06189},
  year      = {2018},
}

@article{variational_inference_reviews,
  title     = {Variational Inference: A Review for Statisticians},
  author    = {Blei, David M. and Kucukelbir, Alp and McAuliffe, Jon D.},
  journal   = {Arxiv, 1601.00670},
  year      = {2016},
}

@inproceedings{struct_approx,
  title     = {Exploiting tractable substructures in intractable networks},
  author    = {Saul, L. and Jordan, M. I.},
  booktitle = {NIPS},
  year      = {1996},
}

@inproceedings{noise_break_nmt,
  title     = {Synthetic and Natural Noise Both Break Neural Machine Translation},
  author    = {Belinkov, Yonatan and Bisk, Yonatan},
  booktitle = {ICLR},
  year      = {2018},
}

@inproceedings{elbo_model_search,
  title     = {Bayesian model search for mixture models based on optimizing variational bounds},
  author    = {Ueda, N. and Ghahramani, Z.},
  booktitle = {Neural Networks},
  year      = {2002},
}

@inproceedings{kernel_nas,
  title     = {Deriving Neural Architectures from Sequence and Graph Kernels},
  author    = {Lei, Tao and Jin, Wengong and Barzilay, Regina and Jaakkola, Tommi},
  booktitle = {ICML},
  year      = {2017},
}

@inproceedings{seq2seq_semi,
  title     = {Semi-supervised Sequence Learning},
  author    = {Dai, Andrew M. and Le, Quoc V.},
  booktitle = {NIPS},
  year      = {2015},
}

@inproceedings{ada_net,
  title     = {{A}da{N}et: Adaptive Structural Learning of Artificial Neural Networks},
  author    = {Cortes, Corinna and Gonzalvo, Xavier and Kuznetsov, Vitaly and Mohri, Mehryar and Yang, Scott},
  booktitle = {ICML},
  year      = {2017},
}

@inproceedings{non_parametric_net,
  author    = {Philipp, George and Carbonell, Jaime G.},
  title     = {Nonparametric Neural Networks},   
  booktitle = {ICLR},
  year      = {2017},
}

@inproceedings{conv_fabrics,
  author    = {Saxena, Shreyas and Verbeek, Jakob},
  title     = {Convolutional Neural Fabrics},   
  booktitle = {NIPS},
  year      = {2016}
}

@inproceedings{hyper_net,
  author    = {Ha, David and Dai, Andrew and Le, Quoc V.},
  title     = {HyperNetworks},
  booktitle = {ICLR},
  year      = {2017},
}

@article{smash_net,
  author    = {Brock, Andrew and Lim, Theodore and Ritchie, James M. and Weston, Nick},
  title     = {{SMASH:} One-Shot Model Architecture Search through HyperNetworks},
  journal   = {Arxiv, 1708.05344},
  year      = {2017},
}

@inproceedings{fractal_net,
  title     = {FractalNet: Ultra-Deep Neural Networks without Residuals},
  author    = {Larsson, Gustav and Maire, Michael and Shakhnarovich, Gregory},
  booktitle = {ICLR},
  year      = {2017}
}

@inproceedings{res_net,
  title     = {Deep residual learning for image recognition},
  author    = {He, Kaiming and Zhang, Xiangyu and Ren, Shaoqing and Sun, Jian},
  booktitle = {CPVR},
  year      = {2016}
}

@inproceedings{wide_res_net,
  author    = {Zagoruyko, Sergey and Komodakis, Nikos},
  title     = {Wide Residual Networks},
  booktitle = {BMVC},
  year      = {2016},
}

@article{super_network,
  author    = {Veniat, Tom and Denoyer, Ludovic},
  title     = {Learning Time-Efficient Deep Architectures with Budgeted Super Networks},
  journal   = {Arxiv, 1706.00046},
  year      = {2017},
}

@article{nas_module_dqn,
  author    = {Zhong, Zhao and Yan, Junjie and Liu, Cheng{-}Lin},
  title     = {Practical Network Blocks Design with Q-Learning},
  journal   = {Arxiv, 1708.05552},
  year      = {2017},
}


@incollection{variational_rnn,
  title     = {A Recurrent Latent Variable Model for Sequential Data},
  author    = {Chung, Junyoung and Kastner, Kyle and Dinh, Laurent and Goel, Kratarth and Courville, Aaron C and Bengio, Yoshua},
  booktitle = {Advances in Neural Information Processing Systems 28},
  year      = {2015},
}

@inproceedings{variational_dropout,
  author    = {Yarin Gal and Zoubin Ghahramani},
  title     = {Dropout as a {B}ayesian Approximation: Representing Model Uncertainty in Deep Learning},
  booktitle = {ICML},
  year      = {2016},
}

@inproceedings{variational_dropout_rnn,
  title     = {A Theoretically Grounded Application of Dropout in Recurrent Neural Networks},
  author    = {Gal, Yarin and Ghahramani, Zoubin},
  booktitle = {NIPS},
  year      = {2016},
}

@article{bayes_nn,
  author  = {MacKay, David J. C.},
  title   = {A Practical Bayesian Framework for Backpropagation Networks},
  journal = {Neural Computations},
  year    = {1992},
} 

@article{nas_module,
  author  = {Zoph, Barret and Vasudevan, Vijay and Shlens, Jonathon and Le, Quoc V.},
  title   = {Learning Transferable Architectures for Scalable Image Recognition},
  journal = {Arxiv, 1707.07012},
  year    = {2017},
} 

@inproceedings{nas,
  author    = {Zoph, Barret and Le, Quoc V.},
  title     = {Neural Architecture Search with Reinforcement Learning},
  booktitle = {ICLR},
  year      = {2017},
} 

@inproceedings{deep_arc,
  author    = {Negrinho, Renato and Gordon, Geoff},
  title     = {DeepArchitect: Automatically Designing and Training Deep Architectures},
  booktitle = {CPVR},
  year      = {2017}
}

@inproceedings{nas_dqn,
  author    = {Baker, Bowen and Gupta, Otkrist and Naik, Nikhil and Raskar, Ramesh},
  title     = {Designing Neural Network Architectures using Reinforcement Learning},
  booktitle = {ICLR},
  year      = {2017},
}

@article{variational_em,
  author  = {Beal, Matthew J. and Ghahramani, Zoubin},
  title   = {The Variational Bayesian EM Algorithm for Incomplete Data: with Application to Scoring Graphical Model Structures},
  journal = {Bayesian Statistics},
  year    = {2003},
}

@inproceedings{dpg,
  author    = {Timothy P. Lillicrap and Jonathan J. Hunt and Alexander Pritzel and Nicolas Heess and Tom Erez and Yuval Tassa and David Silver and Daan Wierstra},
  title     = {Continuous control with deep reinforcement learning},
  booktitle = {ICLR},
  year      = {2016},
}

@inproceedings{actor_critic,
  author    = {Richard S. Sutton and David A. McAllester and Satinder P. Singh and Yishay Mansour},
  title     = {Policy Gradient Methods for Reinforcement Learning with Function Approximation},
  booktitle = {NIPS},
  year      = {1999},
}

@inproceedings{trpo,
  author    = {Schulman, John and Levine, Sergey and Moritz, Philipp and Jordan I., Michael and Abbeel, Pieter},
  title     = {Trust Region Policy Optimization},
  booktitle = {ICML},
  year      = {2015},
}

@inproceedings{q_prop,
  author    = {Shixiang Gu and Timothy P. Lillicrap and Zoubin Ghahramani and Richard E. Turner and Sergey Levine},
  title     = {Q-Prop: Sample-Efficient Policy Gradient with An Off-Policy Critic},
  booktitle = {ICLR},
  year      = {2017},
}

@article{reinforce,
  author    = {Williams, Ronald J.},
  title     = {Simple statistical gradient-following algorithms for connectionist reinforcement learning},
  journal   = {Machine Learning},
  year      = {1992},
}

@inproceedings{luong15acl,
  author    = {Luong, Minh-Thang  and  Sutskever, Ilya  and  Le, Quoc V.  and  Vinyals, Oriol  and  Zaremba, Wojciech},
  title     = {Addressing the Rare Word Problem in Neural Machine Translation},
  booktitle = {ACL},
  year      = {2015},
}

@inproceedings{luong15iwslt,
  title     = {Stanford Neural Machine Translation Systems for Spoken Language Domain},
  author    = {Minh-Thang Luong and Christopher D. Manning},
  booktitle = {IWLST},
  year      = {2015}
}

@inproceedings{attention,
  title     = {Neural Machine Translation by Jointly Learning to Align and Translate},
  author    = {Dzmitry Bahdanau and Kyunghyun Cho and Yoshua Bengio},
  booktitle = {ICLR},
  year      = {2015}
}

@inproceedings{memnet14,
  author    = {Jason Weston and Sumit Chopra and Antoine Bordes},
  title     = {Memory Networks},
  booktitle = {ICLR},
  year      = {2015}
}

@inproceedings{end2endMem15,
  author    = {Sainbayar Sukhbaatar and Arthur Szlam and Jason Weston and Rob Fergus},
  title     = {End-to-End Memory Networks},
  booktitle = {NIPS},
  year      = {2015}
}

@phdthesis{mikolov12,
  author = {Tomas Mikolov},
  title  = {Statistical Language Models Based on Neural Networks},
  year   = {2012}
}

@inproceedings{elman90,
  author    = {Jeffrey L. Elman},
  title     = {Finding structure in time},
  booktitle = {Cognitive Science},
  year      = {1990}
}

@inproceedings{lstm,
  author    = {Hochreiter, Sepp and Schmidhuber, J{\"u}rgen},
  title     = {Long Short-term Memory},
  booktitle = {Neural Computations},
  year      = {1997}
}

@inproceedings{gru,
  author    = {Junyoung Chung and {\c{C}}aglar G{\"{u}}l{\c{c}}ehre and KyungHyun Cho and Yoshua Bengio},
  title     = {Empirical Evaluation of Gated Recurrent Neural Networks on Sequence Modeling},
  booktitle = {Arxiv},
  year      = {2014},
}

@inproceedings{pascanu13,
  author    = {Razvan Pascanu and Tomas Mikolov and Yoshua Bengio},
  title     = {On the difficulty of training recurrent neural networks},
  booktitle = {ICML},
  year      = {2013}
}

@inproceedings{dot_prod_attention,
  author    = {Luong, Minh-Thang and
               Pham, Hieu and
               Manning, Christopher D.},
  title     = {Effective Approaches to Attention-based Neural Machine
    Translation},
  booktitle = {EMNLP},
  year      = {2015}
}

@inproceedings{seq2seq_parsign,
  author    = {Vinyals, Oriol and
               Kaiser, Lukasz and
               Koo, Terry and
               Petrov, Slav and
               Sutskever, Ilya and
               Hinton, Geoffrey E.},
  title     = {Grammar as a Foreign Language},
  booktitle = {NIPS},
  year      = {2015}
}

@inproceedings{optimizeRNN13,
  author    = {Bengio, Yoshua and
               Boulanger-Lewandowski, Nicolas and
               Pascanu, Razvan},
  booktitle = {ICASSP},
  title     = {Advances in optimizing recurrent networks.},
  year = 2013
}

@inproceedings{rnn_lm,
  author    = {Mikolov, Tomas and
               Karafi{\'{a}}t, Martin and
               Burget, Luk{\'{a}}s and
               Cernock{\'{y}}, Jan and
               Khudanpur, Sanjeev},
  title     = {Recurrent neural network based language model},
  booktitle = {INTERSPEECH},
  year      = {2010}
}

@inproceedings{rerank_nmt,
  author    = {Cho, Kyunghyun Cho and
               van Merrienboer, Bart and
               G{\"{u}}l{\c{c}}ehre, {\c{C}}aglar and
               Bougares, Fethi and
               Schwenk, Holger and
               Bengio, Yoshua },
  title     = {Learning Phrase Representations using {RNN} Encoder-Decoder for
    Statistical Machine Translation},
  booktitle = {Arxiv},
  year      = {2014}
}

@inproceedings{tree_lstm,
  author    = {Tai, Kai Sheng and
               Socher, Richard and
               Manning, Christopher D.},
  title     = {Improved Semantic Representations From Tree-Structured Long
    Short-Term Memory Networks},
  booktitle = {ACL},
  year      = {2015}
}

@inproceedings{word_embs,
  author    = {Bengio, Yoshua and
               Ducharme, R{\'e}jean and
               Vincent, Pascal and
               Janvin, Christian},
  title     = {A Neural Probabilistic Language Model},
  booktitle = {JMLR},
  year      = {2003},
}

@inproceedings{dynamic_memory_net,
  author    = {Kumar, Ankit and
               Irsoy, Ozan and
               Su, Jonathan and
               Bradbury, James and
               English, Robert and
               Pierce, Brian and
               Ondruska, Peter and
               Gulrajani, Ishaan and
               Socher, Richard},
  title     = {Ask Me Anything: Dynamic Memory Networks for Natural Language Processing},
  booktitle = {Arxiv},
  year      = {2015}
}

@inproceedings{seq2seq,
  author    = {Sutskever, Ilya and
               Vinyals, Oriol and
               Le, Quoc V.},
  title     = {Sequence to Sequence Learning with Neural Networks},
  booktitle = {NIPS},
  year      = {2014}
}

@inproceedings{show_attend_and_tell,
  author    = {Xu, Kelvin and
               Ba, Jimmy and
               Kiros, Ryan and
               Cho, Kyunghyun and
               Courville, Aaron and
               Salakhutdinov, Ruslan and
               Zemel, Richard S. and
               Bengio, Yoshua},
  title     = {Show, Attend and Tell: Neural Image Caption Generation with
    Visual Attention},
  booktitle = {Arxiv},
  year      = {2015}
}

@inproceedings{penntreebank,
  author    = {Marcus, Mitchell and
               Kim, Grace and
               Marcinkiewicz, Mary Ann and
               MacIntyre, Robert and
               Bies, Ann and
               Ferguson, Mark and
               Katz, Karen and
               Schasberger, Britta},
  title     = {The Penn Treebank: Annotating Predicate Argument Structure},
  booktitle = {Proceedings of the Workshop on Human Language Technology},
  year      = {1994}
} 

@inproceedings{adagrad,
  author    = {Duchi, John and
               Hazan, Elad and
               Singer, Yoram},
  title     = {Adaptive Subgradient Methods for Online Learning and Stochastic
    Optimization},
  booktitle = {ICML},
  year      = {2011}
}

@inproceedings{glove,
  author    = {Pennington, Jeffrey and
               Socher, Richard and
               Manning, Christopher D.},
  booktitle = {EMNLP},
  title     = {GloVe: Global Vectors for Word Representation},
  year      = {2014}
}

@inproceedings{torch,
  title     = {Torch7: A Matlab-like Environment for Machine Learning},
  author    = {R. Collobert and K. Kavukcuoglu and C. Farabet},
  booktitle = {BigLearn, NIPS Workshop},
  year      = {2011}
}

@inproceedings{paragraph_vector,
  author    = {Le, Quoc V. and Mikolov, Tomas},
  title     = {Distributed Representations of Sentences and Documents},
  booktitle = {ICML},
  year      = {2014}
}

@inproceedings{dropout,
  author    = {Srivastava, Nitish and
               Hinton, Geoffrey and
               Krizhevsky, Alex and
               Sutskever, Ilya and
               Salakhutdinov, Ruslan},
  title     = {Dropout: A Simple Way to Prevent Neural Networks from
    Overfitting},
  booktitle = {JMLR},
  year      = {2014}
}

@inproceedings{irsoy14,
  author    = {Ozan Irsoy and Claire Cardie},
  title     = {Deep recursive neural networks for compositionality in language},
  booktitle = {NIPS},
  year      = {2014}
}

@inproceedings{kim14,
  author    = {Yoon Kim},
  title     = {Convolutional neural networks for sentence classification},
  booktitle = {EMNLP},
  year      = {2014}
}

@inproceedings{cnn_sentiment,
  author    = {Lei, Tao and
               Barzilay, Regina and
               Jaakkola, Tommi},
  title     = {Molding CNNs for text: non-linear, non-consecutive
    convolutions},
  booktitle = {EMNLP},
  year      = {2015}
}

@inproceedings{bello2017neural,
  author    = {Bello, Irwan and
               Zoph, Barret and
               Vasudevan, Vijay and
               Le, Quoc V},
  title     = {Neural optimizer search with reinforcement learning},
  booktitle = {ICML},
  year      = {2017}
}

@article{berger1996maximum,
  author={Berger, Adam L and Pietra, Vincent J Della and Pietra, Stephen A Della},
  title={A maximum entropy approach to natural language processing},
  journal={Computational linguistics},
  volume={22},
  number={1},
  pages={39--71},
  year={1996},
  publisher={MIT Press}
}

@article{chapelle2009semi,
  title={Semi-supervised learning (chapelle, o. et al., eds.; 2006)[book reviews]},
  author={Chapelle, Olivier and Scholkopf, Bernhard and Zien, Alexander},
  journal={IEEE Transactions on Neural Networks},
  volume={20},
  number={3},
  pages={542--542},
  year={2009},
  publisher={IEEE}
}

@InProceedings{kim-rush:2016:EMNLP2016,
  author    = {Kim, Yoon  and  Rush, Alexander M.},
  title     = {Sequence-Level Knowledge Distillation},
  booktitle = {Proceedings of the 2016 Conference on Empirical Methods in Natural Language Processing},
  month     = {November},
  year      = {2016},
  address   = {Austin, Texas},
  publisher = {Association for Computational Linguistics},
  pages     = {1317--1327},
  url       = {https://aclweb.org/anthology/D16-1139}
}

@InProceedings{imamura-fujita-sumita:2018:WNMT2018,
  author    = {Imamura, Kenji  and  Fujita, Atsushi  and  Sumita, Eiichiro},
  title     = {Enhancement of Encoder and Attention Using Target Monolingual Corpora in Neural Machine Translation},
  booktitle = {Proceedings of the 2nd Workshop on Neural Machine Translation and Generation},
  month     = {July},
  year      = {2018},
  address   = {Melbourne, Australia},
  publisher = {Association for Computational Linguistics},
  pages     = {55--63},
  url       = {http://www.aclweb.org/anthology/W18-2707}
}